@misc{ tedtalk,
author = "Harald Haas",
title="TED Talk online by Harald Haas on wireless data from every light bulb",
howpublished= {\url{http://www.ted.com/talks/harald_haas_wireless_data_from_every_light_bulb}}
}

@misc{IEEE,
title= "IEEE 802.15 WPAN Task Group 7 (TG7) Visible Light Communication",
author = "IEEE Standards Association",
date = "April 9, 2011",
howpublished = {\url{http://www.ieee802.org/15/pub/TG7.html}}
}

@misc{poveyspec,
author = "Gordon Povey",
howpublished = {\url{http://visiblelightcomm.com/an-ieee-standard-for-visible-light-communications/}}
}

@article{haas1,
author="Harald Haas",
title="High-speed wireless networking using visible light",
year="2013"
}

@misc{crisis,
author="US Federal Communication Commission",
howpublished={\url{https://www.fcc.gov/general/spectrum-crunch}}
}

@article{1Gbps,
author={{A.M. Khalid}, {G. Cossu}, {R. Corsini}, {P. Choudhury}, {E. Ciaramella}},
title="1-Gb/s Transmission Over a Phosphorescent White LED by Using Rate-Adaptive Discrete Multitone Modulation",
 journal="IEEE Photonics Journal 4, 1465–1473", 
 year="2012"
 }
@article{3.4Gbps,
author={ {G. Cossu}, {A.M. Khalid}, {P. Choudhury}, {R. Corsini}, {E. Ciaramella}}, 
title="3.4 Gbit/s Visible Optical Wireless Transmission Based on RGB LED",
journal="Optics Express 20, B501–B506",
year="2012"
}
@article{3.5Gbps,
author={{D. Tsonev}, {H. Chun}, {S. Rajbhandari}, {J.J.D. McKendry}, {S. Videv}, {E. Gu}, {M. Haji}, {S. Watson}, {A. Kelly}, {G. Faulkner}, {M.D. Dawson}, {H. Haas}, {D. OBrien}},
title="A 3-Gb/s Single-LED OFDM-based Wireless VLC Link Using a Gallium Nitride LED",
journal="Photonics Technology Letter 99(99)",
year="2014"
}
@article{500Mbps,
author={{J. Vucic}, {C. Kottke}, {S. Nerreter}, {K. D. Langer}, {J. W. Walewski}},
title="513 Mbit/s visible light communications link based on DMT modulation of a white LED",
journal="J. Lightwave Technol. 28 (24), pp. 3512–3518",
year="2010"
}

@misc{genuinouno,
author={Arduino},
title="Arduino Uno Overview",
date="April 28, 2017",
howpublished={\url{https://www.arduino.cc/en/main/arduinoBoardUno}}
}

@misc{arduinoyun,
author={Arduino},
title="Arduino Yun Overview",
date="April 28, 2017",
howpublished={\url{https://www.arduino.cc/en/Main/ArduinoBoardYun}}
}